@article{ZHOU2006195,
title = "Non-parametric determination of real-time lag structure between two time series: The optimal thermal causal path method with applications to economic data",
journal = "Journal of Macroeconomics",
volume = "28",
number = "1",
pages = "195 - 224",
year = "2006",
note = "Nonlinear Macroeconomic Dynamics",
issn = "0164-0704",
doi = "https://doi.org/10.1016/j.jmacro.2005.10.015",
url = "http://www.sciencedirect.com/science/article/pii/S0164070405000844",
author = "Wei-Xing Zhou and Didier Sornette",
keywords = "Causality, Time-dependent correlation, Distance matrix, lag, Time series, Stock markets, Bond yields, Inflation, GDP growth, Unemployment"
}